<?xml version="1.0" encoding="UTF-8"?>
<collection xmlns:xsi="http://www.w3.org/2001/XMLSchema-instance" xsi:schemaLocation="http://www.loc.gov/MARC21/slim http://www.loc.gov/standards/marcxml/schema/MARC21slim.xsd" xmlns="http://www.loc.gov/MARC21/slim">
<record>
  <leader>00920cam a2200253 a 4500</leader>
  <controlfield tag="001">585607</controlfield>
  <controlfield tag="003">NNC</controlfield>
  <controlfield tag="005">20130423141019.0</controlfield>
  <controlfield tag="008">860606s1938||||ua            000 0 ara| </controlfield>
  <datafield tag="010" ind1=" " ind2=" ">
    <subfield code="a">   80960270 </subfield>
  </datafield>
  <datafield tag="035" ind1=" " ind2=" ">
    <subfield code="a">(OCoLC)38286374</subfield>
  </datafield>
  <datafield tag="035" ind1=" " ind2=" ">
    <subfield code="a">(OCoLC)ocm38286374</subfield>
  </datafield>
  <datafield tag="035" ind1=" " ind2=" ">
    <subfield code="a">(CStRLIN)NYCG87-B65293</subfield>
  </datafield>
  <datafield tag="035" ind1=" " ind2=" ">
    <subfield code="a">(NNC)585607</subfield>
  </datafield>
  <datafield tag="040" ind1=" " ind2=" ">
    <subfield code="a">DLC</subfield>
    <subfield code="c">DLC</subfield>
    <subfield code="d">CStRLIN</subfield>
  </datafield>
  <datafield tag="050" ind1="0" ind2="0">
    <subfield code="a">MLCSN 98/3</subfield>
    <subfield code="a">BP135</subfield>
  </datafield>
  <datafield tag="100" ind1="1" ind2=" ">
    <subfield code="a">Qazwīnī, ʻUmar ibn ʻAbd al-Raḥmān,</subfield>
    <subfield code="d">1255 or 1256-1299 or 1300.</subfield>
  </datafield>
  <datafield tag="245" ind1="1" ind2="0">
    <subfield code="a">Mukhtaṣar Shuʻab al-īmān /</subfield>
    <subfield code="c">li-Abū Jaʻfar ʻUmar al-Qazwīnī ; ṣaḥḥaḥahu wa-ʻallaqa ʻalayhi Muḥammad Munīr al-Dimashqī.</subfield>
  </datafield>
  <datafield tag="250" ind1=" " ind2=" ">
    <subfield code="a">al-Ṭabʻah 2.</subfield>
  </datafield>
  <datafield tag="260" ind1=" " ind2=" ">
    <subfield code="a">[Cairo :</subfield>
    <subfield code="b">s.n.,</subfield>
    <subfield code="c">1355 i.e. 1938]</subfield>
  </datafield>
  <datafield tag="300" ind1=" " ind2=" ">
    <subfield code="a">252, 6 p. ;</subfield>
    <subfield code="c">19 cm.</subfield>
  </datafield>
  <datafield tag="700" ind1="1" ind2=" ">
    <subfield code="a">Dimashqī, Muḥammad Munīr.</subfield>
  </datafield>
  <datafield tag="700" ind1="1" ind2=" ">
    <subfield code="a">Bayhaqī, Aḥmad ibn al-Ḥusayn,</subfield>
    <subfield code="d">994-1066.</subfield>
    <subfield code="t">Jāmiʻ li-shuʻab al-īmān.</subfield>
  </datafield>
  <datafield tag="955" ind1=" " ind2=" ">
    <subfield code="b">0064371786</subfield>
    <subfield code="d">glx</subfield>
    <subfield code="e">BP135.A2 B247 1938g</subfield>
  </datafield>
</record>
</collection>